% Masukkan daftar pustaka yang ingin dimasukkan ke sini
% Contoh referensi: references.example.lib